@book{knuth1984,
    author    = {Donald E. Knuth},
    title     = {The TeXbook},
    publisher = {Addison-Wesley Professional},
    year      = {1984},
    volume    = {A},
    series    = {Computers & Typesetting},
    address   = {Reading, Massachusetts},
}

@article{einstein1905,
    author  = {Albert Einstein},
    title   = {{Zur Elektrodynamik bewegter K{\"o}rper}},
    journal = {Annalen der Physik},
    volume  = {322},
    number  = {10},
    pages   = {891--921},
    year    = {1905},
    doi     = {10.1002/andp.19053221004},
}

@online{latex_project,
    author  = {{The LaTeX Project}},
    title   = {LaTeX â€“ A document preparation system},
    url     = {https://www.latex-project.org/},
    urldate = {2023-10-27},
    year    = {2023},
}